<record><leader>00000cas a22000007a 4500</leader><controlfield tag="001">12889446</controlfield><controlfield tag="008">851210d1872187umsuwr ne      0    0eng d</controlfield><datafield ind1=" " ind2=" " tag="010"><subfield code="a">sn 85034475 </subfield></datafield><datafield ind1=" " ind2=" " tag="040"><subfield code="a">NPU</subfield><subfield code="b">eng</subfield><subfield code="c">NPU</subfield><subfield code="d">NPX</subfield><subfield code="d">MGN</subfield><subfield code="d">OCLCQ</subfield></datafield><datafield ind1=" " ind2=" " tag="042"><subfield code="a">msc</subfield></datafield><datafield ind1="0" ind2=" " tag="130"><subfield code="a">Sea-coast Republican (Bay Saint Louis, Miss.)</subfield></datafield><datafield ind1="1" ind2="0" tag="245"><subfield code="a">Sea-coast Republican.</subfield></datafield><datafield ind1=" " ind2=" " tag="260"><subfield code="a">Shieldsboro [i.e. Bay St. Louis], Miss. :</subfield><subfield code="b">F. Heiderhoff</subfield></datafield><datafield ind1=" " ind2=" " tag="300"><subfield code="a">v. ;</subfield><subfield code="c">53 cm.</subfield></datafield><datafield ind1=" " ind2=" " tag="310"><subfield code="a">Weekly</subfield></datafield><datafield ind1="1" ind2=" " tag="362"><subfield code="a">Began in 1872?</subfield></datafield><datafield ind1=" " ind2=" " tag="500"><subfield code="a">Publishers: Frank Heiderhoff, &lt;1873&gt;; R.B. Avery &amp; Co., &lt;1876&gt;.</subfield></datafield><datafield ind1=" " ind2=" " tag="588"><subfield code="a">Description based on: No. 44 (Mar. 1, 1873).</subfield></datafield><datafield ind1=" " ind2=" " tag="752"><subfield code="a">United States</subfield><subfield code="b">Mississippi</subfield><subfield code="c">Hancock</subfield><subfield code="d">Bay Saint Louis.</subfield></datafield><datafield ind1=" " ind2=" " tag="752"><subfield code="a">United States</subfield><subfield code="b">Mississippi</subfield><subfield code="c">Hancock</subfield><subfield code="d">Shieldsboro.</subfield></datafield><datafield ind1="0" ind2="0" tag="780"><subfield code="t">Bay St. Louis gazette</subfield><subfield code="w">(DLC)sn 93059217</subfield></datafield></record>